@article{greenwade93,
    author  = "George D. Greenwade",
    title   = "The {C}omprehensive {T}ex {A}rchive {N}etwork ({CTAN})",
    year    = "1993",
    journal = "TUGBoat",
    volume  = "14",
    number  = "3",
    pages   = "342--351"
}

@misc{patterson2014computer,
  title={Computer organization and design: the hardware/software interface 5th ed.},
  author={Patterson, David A and Hennessy, John L},
  year={2014},
  publisher={Elsevier}
}

@article{articleBP,
author = {Alaa, Raneen and Ogla, and Omran, Safaa},
year = {2019},
month = {07},
pages = {85-96},
title = {Implementation of Global History Branch Prediction Using MicroBlaze Processor},
volume = {57},
journal = {American Scientific Research Journal for Engineering, Technology, and Sciences}
}